<?xml version="1.0" encoding="UTF-8"?><collection xmlns="http://www.loc.gov/MARC21/slim"><record><leader>00613nam--2200181-i-4500</leader><controlfield tag="001">000018840</controlfield><controlfield tag="002">20161230</controlfield><controlfield tag="005">20161230201032</controlfield><controlfield tag="008">060222s1000------------r-----000-0-fre-d</controlfield><datafield ind1=" " ind2=" " tag="040"><subfield code="a">IFIN-HH</subfield></datafield><datafield ind1=" " ind2=" " tag="041"><subfield code="a">fre</subfield></datafield><datafield ind1=" " ind2=" " tag="080"><subfield code="a">539.16:551.510.7</subfield></datafield><datafield ind1="1" ind2=" " tag="100"><subfield code="a">Fontan, Jacques</subfield></datafield><datafield ind1="1" ind2="0" tag="245"><subfield code="a">Le dosage dse radioelements gazeux donnant des produits radioactives de filiation. son application a la mesure de la radioactivite naturelle de l`atmosphere</subfield><subfield code="b">These</subfield><subfield code="c">Jacques fontan</subfield></datafield><datafield ind1=" " ind2=" " tag="260"><subfield code="a">Toulouse</subfield><subfield code="b">Faculte Des Sciences De L`Universite</subfield><subfield code="c">1964</subfield></datafield><datafield ind1=" " ind2=" " tag="300"><subfield code="a">112 P</subfield></datafield><datafield ind1=" " ind2=" " tag="852"><subfield code="a">22796</subfield><subfield code="c">539.16</subfield></datafield><datafield ind1=" " ind2=" " tag="CAT"><subfield code="a">Sys</subfield><subfield code="c">20120514</subfield><subfield code="h">162015</subfield></datafield></record></collection>